@article{ji2002methods,
  title={Methods for optimizing the location of base stations for indoor wireless communications},
  author={Ji, Zhong and Sarkar, Tapan Kumar and Li, Bin-Hong},
  journal={IEEE Transactions on Antennas and Propagation},
  volume={50},
  number={10},
  pages={1481--1483},
  year={2002},
  publisher={IEEE}
}

@article{nagy2012global,
  title={Global optimization of indoor radio coverage},
  author={Nagy, Lajos},
  journal={AUTOMATIKA},
  volume={53},
  number={1},
  pages={69--79},
  year={2012}
}

@book{tanenbaum2003redes,
  title={Redes de Computadores},
  author={TANENBAUM, Andrews},
  edition={4},
  year={2003},
  address={São Paulo},
  publisher={Elsevier}
}

@book{brisa1997redes,
  title={Arquitetura de Redes de Computadores OSI e TCP/IP},
  editor={ASSUMPÇÃO FILHO, Milton Mira},
  edition={2},
  year={1997},
  address={São Paulo},
  publisher={Makron Books}
}

@book{rappaport2009comunicacoes,
  title={Comunicações sem fio: princípios e práticas},
  author={RAPPAPORT, Theodore S},
  year={2009},
  address={São Paulo},
  publisher={Pearson Prentice Hall}
}

@book{sanches2005projetando,
  title={Projetando Redes WLAN: conceitos e práticas},
  author={SANCHES, Carlos Alberto},
  address={São Paulo},
  publisher={Érica},
  year={2005}
}

@book{torres2015redes,
  title={Redes de computadores: versão revisada e atualizada},
  author={Torres, Gabriel},
  edition={2},
  year={2015},
  address={São Paulo},
  publisher={Novaterra Editora e Distribuidora LTDA}
}

@phdthesis{junior2008proposta,
  title={Proposta e Implementação de um Algoritmo Paralelo de Busca Exaustiva Para o Problema do Dobramento de Proteínas com um Modelo Discreto},
  author={JÚNIOR, NILTON BARBOSA ARMSTRONG and Lopes, HS},
  year={2008},
  school={Tese, Curso de Pós-graduaçãoo em Engenharia Elétrica e Informática Industrial, UTFPR, PR}
}

@book {luke2009metaheuristics,
author = { Sean Luke },
title = { Essentials of Metaheuristics},
year = { 2009 }
}

@phdthesis{najnudel2004estudo,
  title={Estudo de propagação em ambientes fechados para o planejamento de WLANs},
  author={Marcelo Najnudel},
  year={2004},
  school={Dissertação (mestrado), Departamento de Engenharia Elétrica, Pontífica Universidade Católica do Rio de Janeiro}
}

@book{mitchell1998introduction,
  title={An introduction to genetic algorithms},
  author={Mitchell, Melanie},
  year={1998},
  publisher={MIT press}
}

@article{freytag2013desenvolvimento,
  title={Desenvolvimento de uma interface gráfica iterativa para o posicionamento de antena wireless},
  author={Freytag, Gabriel and Sawicki Freytag, Sandro and Martins, Rogério},
  journal={Salão do Conhecimento},
  volume={1},
  number={01},
  year={2013}
}

@book{haykin2009sistemas,
  title={Sistemas modernos de comunica{\c{c}}{\~o}es wireless},
  author={Haykin, Simon and Moher, Michael},
  year={2009},
  publisher={Bookman Editora}
}

@article{vellasco2010dimensionamento,
	title={Dimensionamento Otimizado de Redes de Comunicação sem fio 802.11 usando Algoritmos Genéticos},
	author={Marley Maria Vellasco and Marco Aurélio Pacheco and Guilherme Francisco da Cunha Filho},
	year={2010}
}


